@misc{Monteros_2023, 
    title={Big-box retailers continue to ramp up investments in store-based fulfillment}, 
    url={https://www.modernretail.co/operations/big-box-retailers-continue-to-ramp-up-investments-in-store-based-fulfillment/}, 
    journal={Modern Retail}, 
    author={Monteros, Maria}, 
    year={2023}, 
    month={Sep}} 

@article{Shaw_Eschenbrenner_Baier_2022, 
    title={Online shopping continuance after COVID-19: A Comparison of Canada, Germany and the United States}, 
    volume={69}, 
    DOI={10.1016/j.jretconser.2022.103100}, 
    journal={Journal of Retailing and Consumer Services}, 
    author={Shaw, Norman and Eschenbrenner, Brenda and Baier, Daniel}, 
    year={2022}, 
    month={Nov},
    pages={103100}}

@Inbook{Gkikas2022,
    author="Gkikas, Dimitris C. and Theodoridis, Prokopis K.",
    editor="Virvou, Maria and Tsihrintzis, George A. and Tsoukalas, Lefteri H. and Jain, Lakhmi C.",
    title="AI in Consumer Behavior",
    bookTitle="Advances in Artificial Intelligence-based Technologies: Selected Papers in Honour of Professor Nikolaos G. Bourbakis---Vol. 1",
    year="2022",
    publisher="Springer International Publishing",
    address="Cham",
    pages="147--176",
    isbn="978-3-030-80571-5",
    doi="10.1007/978-3-030-80571-5_10",
    url="https://doi.org/10.1007/978-3-030-80571-5_10"} 

@article{Sakar_Polat_Katircioglu_Kastro_2018, 
    title={Real-time prediction of online shoppers’ purchasing intention using Multilayer Perceptron and LSTM recurrent neural networks}, 
    volume={31}, DOI={10.1007/s00521-018-3523-0}, 
    number={10}, 
    journal={Neural Computing and Applications}, 
    author={Sakar, C. Okan and Polat, S. Olcay and Katircioglu, Mete and Kastro, Yomi}, 
    year={2018}, 
    month={May}, 
    pages={6893–6908}} 
